% Encoding: UTF-8
@incollection{Arora2004,
  address   = {San Diego},
  author    = {Jasbir S. Arora},
  booktitle = {Introduction to Optimum Design (Second Edition)},
  edition   = {Second Edition},
  editor    = {Jasbir S. Arora},
  isbn      = {978-0-12-064155-0},
  pages     = {543-563},
  publisher = {Academic Press},
  title     = {Multiobjective Optimum Design Concepts and Methods},
  url       = {https://www.sciencedirect.com/science/article/pii/B9780120641550500173},
  year      = {2004}
}

@article{Rasmussen1986,
  author    = {L. M. Rasmussen},
  issn      = {0377-2217},
  journal   = {European Journal of Operational Research},
  keywords  = {Multiple criteria programming, 0--1 programming},
  number    = {1},
  pages     = {83-95},
  title     = {Zero---one programming with multiple criteria},
  url       = {https://www.sciencedirect.com/science/article/pii/037722178690161X},
  volume    = {26},
  year      = {1986}
}

@InProceedings{DBLP:conf/kr/SaikkoDAJ18,
  author    = {Paul Saikko and Carmine Dodaro and Mario Alviano and Matti J{\"{a}}rvisalo},
  booktitle = {Principles of Knowledge Representation and Reasoning: Proceedings of the Sixteenth International Conference, {KR} 2018, Tempe, Arizona, 30 October -- 2 November 2018},
  title     = {A Hybrid Approach to Optimization in Answer Set Programming},
  year      = {2018},
  editor    = {Michael Thielscher and Francesca Toni and Frank Wolter},
  pages     = {32--41},
  publisher = {{AAAI} Press},
  bibsource = {dblp computer science bibliography, https://dblp.org},
  biburl    = {https://dblp.org/rec/conf/kr/SaikkoDAJ18.bib},
  timestamp = {Tue, 09 Feb 2021 08:33:51 +0100},
  url       = {https://aaai.org/ocs/index.php/KR/KR18/paper/view/18021},
}

@inproceedings{DBLP:conf/cade/FazekasBB18,
  author    = {Katalin Fazekas and Fahiem Bacchus and Armin Biere},
  editor    = {Didier Galmiche and Stephan Schulz and Roberto Sebastiani},
  title     = {Implicit Hitting Set Algorithms for Maximum Satisfiability Modulo Theories},
  booktitle = {Automated Reasoning --- 9th International Joint Conference, {IJCAR} 2018, Held as Part of the Federated Logic Conference, {FloC} 2018, Oxford, {UK}, July 14--17, 2018, Proceedings},
  series    = {Lecture Notes in Computer Science},
  volume    = {10900},
  pages     = {134--151},
  publisher = {Springer},
  year      = {2018},
  url       = {https://doi.org/10.1007/978-3-319-94205-6_10},
  doi       = {10.1007/978-3-319-94205-6_10},
  timestamp = {Sun, 25 Oct 2020 23:07:07 +0100},
  biburl    = {https://dblp.org/rec/conf/cade/FazekasBB18.bib},
  bibsource = {dblp computer science bibliography, https://dblp.org}
}

@inproceedings{DBLP:conf/kr/SaikkoWJ16,
  author    = {Paul Saikko and Johannes Peter Wallner and Matti J{\"{a}}rvisalo},
  editor    = {Chitta Baral and James P. Delgrande and Frank Wolter},
  title     = {Implicit Hitting Set Algorithms for Reasoning Beyond {NP}},
  booktitle = {Principles of Knowledge Representation and Reasoning: Proceedings of the Fifteenth International Conference, {KR} 2016, Cape Town, South Africa, April 25--29, 2016},
  pages     = {104--113},
  publisher = {{AAAI} Press},
  year      = {2016},
  url       = {http://www.aaai.org/ocs/index.php/KR/KR16/paper/view/12812},
  timestamp = {Tue, 09 Feb 2021 08:33:50 +0100},
  biburl    = {https://dblp.org/rec/conf/kr/SaikkoWJ16.bib},
  bibsource = {dblp computer science bibliography, https://dblp.org}
}

@inproceedings{DBLP:conf/cp/IgnatievPLM15,
  author    = {Alexey Ignatiev and Alessandro Previti and Mark H. Liffiton and Jo{\~{a}}o Marques{-}Silva},
  editor    = {Gilles Pesant},
  title     = {Smallest {MUS} Extraction with Minimal Hitting Set Dualization},
  booktitle = {Principles and Practice of Constraint Programming --- 21st International Conference, {CP} 2015, Cork, Ireland, August 31 -- September 4, 2015, Proceedings},
  series    = {Lecture Notes in Computer Science},
  volume    = {9255},
  pages     = {173--182},
  publisher = {Springer},
  year      = {2015},
  url       = {https://doi.org/10.1007/978-3-319-23219-5_13},
  doi       = {10.1007/978-3-319-23219-5_13},
  timestamp = {Mon, 24 Feb 2020 19:23:28 +0100},
  biburl    = {https://dblp.org/rec/conf/cp/IgnatievPLM15.bib},
  bibsource = {dblp computer science bibliography, https://dblp.org}
}

@inproceedings{DBLP:conf/cp/AnsoteguiBGL13,
  author    = {Carlos Ans{\'{o}}tegui and Maria Luisa Bonet and Joel Gab{\`{a}}s and Jordi Levy},
  editor    = {Christian Schulte},
  title     = {Improving {WPM2} for (Weighted) Partial {MaxSAT}},
  booktitle = {Principles and Practice of Constraint Programming --- 19th International Conference, {CP} 2013, Uppsala, Sweden, September 16--20, 2013. Proceedings},
  series    = {Lecture Notes in Computer Science},
  volume    = {8124},
  pages     = {117--132},
  publisher = {Springer},
  year      = {2013},
  url       = {https://doi.org/10.1007/978-3-642-40627-0_12},
  doi       = {10.1007/978-3-642-40627-0_12},
  timestamp = {Sun, 02 Jun 2019 21:25:59 +0200},
  biburl    = {https://dblp.org/rec/conf/cp/AnsoteguiBGL13.bib},
  bibsource = {dblp computer science bibliography, https://dblp.org}
}

@inproceedings{DBLP:conf/sat/PrevitiMJM17,
  author    = {Alessandro Previti and Carlos Menc{\'{\i}}a and Matti J{\"{a}}rvisalo and Jo{\~{a}}o Marques{-}Silva},
  editor    = {Serge Gaspers and Toby Walsh},
  title     = {Improving {MCS} Enumeration via Caching},
  booktitle = {Theory and Applications of Satisfiability Testing --- {SAT} 2017 --- 20th International Conference, Melbourne, {VIC}, Australia, August 28 -- September 1, 2017, Proceedings},
  series    = {Lecture Notes in Computer Science},
  volume    = {10491},
  pages     = {184--194},
  publisher = {Springer},
  year      = {2017},
  url       = {https://doi.org/10.1007/978-3-319-66263-3_12},
  doi       = {10.1007/978-3-319-66263-3_12},
  timestamp = {Mon, 24 Feb 2020 19:23:27 +0100},
  biburl    = {https://dblp.org/rec/conf/sat/PrevitiMJM17.bib},
  bibsource = {dblp computer science bibliography, https://dblp.org}
}

@inproceedings{DBLP:conf/hvc/MorgadoLM12,
  author    = {Ant{\'{o}}nio Morgado and Mark H. Liffiton and Jo{\~{a}}o Marques{-}Silva},
  editor    = {Armin Biere and Amir Nahir and Tanja E. J. Vos},
  title     = {MaxSAT-Based {MCS} Enumeration},
  booktitle = {Hardware and Software: Verification and Testing --- 8th International Haifa Verification Conference, {HVC} 2012, Haifa, Israel, November 6--8, 2012. Revised Selected Papers},
  series    = {Lecture Notes in Computer Science},
  volume    = {7857},
  pages     = {86--101},
  publisher = {Springer},
  year      = {2012},
  url       = {https://doi.org/10.1007/978-3-642-39611-3_13},
  doi       = {10.1007/978-3-642-39611-3_13},
  timestamp = {Mon, 24 Feb 2020 19:23:27 +0100},
  biburl    = {https://dblp.org/rec/conf/hvc/MorgadoLM12.bib},
  bibsource = {dblp computer science bibliography, https://dblp.org}
}

@inproceedings{DBLP:conf/lpar/BendikC20,
  author    = {Jaroslav Bend{\'{\i}}k and Ivana Cerna},
  editor    = {Elvira Albert and Laura Kov{\'{a}}cs},
  title     = {Rotation Based {MSS/MCS} Enumeration},
  booktitle = {{LPAR} 2020: 23rd International Conference on Logic for Programming, Artificial Intelligence and Reasoning, Alicante, Spain, May 22--27, 2020},
  series    = {{EPiC} Series in Computing},
  volume    = {73},
  pages     = {120--137},
  publisher = {{EasyChair}},
  year      = {2020},
  url       = {https://doi.org/10.29007/8btb},
  doi       = {10.29007/8btb},
  timestamp = {Sun, 15 Aug 2021 00:16:52 +0200},
  biburl    = {https://dblp.org/rec/conf/lpar/BendikC20.bib},
  bibsource = {dblp computer science bibliography, https://dblp.org}
}

@inproceedings{DBLP:conf/cp/AnsoteguiBGL12,
  author    = {Carlos Ans{\'{o}}tegui and Maria Luisa Bonet and Joel Gab{\`{a}}s and Jordi Levy},
  editor    = {Michela Milano},
  title     = {Improving SAT-Based Weighted {MaxSAT} Solvers},
  booktitle = {Principles and Practice of Constraint Programming --- 18th International Conference, {CP} 2012, Qu{\'{e}}bec City, QC, Canada, October 8--12, 2012. Proceedings},
  series    = {Lecture Notes in Computer Science},
  volume    = {7514},
  pages     = {86--101},
  publisher = {Springer},
  year      = {2012},
  url       = {https://doi.org/10.1007/978-3-642-33558-7_9},
  doi       = {10.1007/978-3-642-33558-7_9},
  timestamp = {Sun, 02 Jun 2019 21:25:59 +0200},
  biburl    = {https://dblp.org/rec/conf/cp/AnsoteguiBGL12.bib},
  bibsource = {dblp computer science bibliography, https://dblp.org}
}

@inproceedings{DBLP:conf/vmcai/PaxianRB21,
  author    = {Tobias Paxian and Pascal Raiola and Bernd Becker},
  editor    = {Fritz Henglein and Sharon Shoham and Yakir Vizel},
  title     = {On Preprocessing for Weighted {MaxSAT}},
  booktitle = {Verification, Model Checking, and Abstract Interpretation --- 22nd International Conference, {VMCAI} 2021, Copenhagen, Denmark, January 17--19, 2021, Proceedings},
  series    = {Lecture Notes in Computer Science},
  volume    = {12597},
  pages     = {556--577},
  publisher = {Springer},
  year      = {2021},
  url       = {https://doi.org/10.1007/978-3-030-67067-2_25},
  doi       = {10.1007/978-3-030-67067-2_25},
  timestamp = {Wed, 13 Jan 2021 17:58:39 +0100},
  biburl    = {https://dblp.org/rec/conf/vmcai/PaxianRB21.bib},
  bibsource = {dblp computer science bibliography, https://dblp.org}
}

@article{DBLP:journals/eor/AlvesC07,
  author    = {Maria Jo{\~{a}}o Alves and Jo{\~{a}}o C. N. Cl{\'{\i}}maco},
  title     = {A review of interactive methods for multiobjective integer and mixed-integer programming},
  journal   = {Eur. J. Oper. Res.},
  volume    = {180},
  number    = {1},
  pages     = {99--115},
  year      = {2007},
  url       = {https://doi.org/10.1016/j.ejor.2006.02.033},
  doi       = {10.1016/j.ejor.2006.02.033},
  timestamp = {Fri, 21 Feb 2020 13:17:50 +0100},
  biburl    = {https://dblp.org/rec/journals/eor/AlvesC07.bib},
  bibsource = {dblp computer science bibliography, https://dblp.org}
}

@article{DBLP:journals/siamjo/SantisENR20,
  author    = {Marianna De Santis and Gabriele Eichfelder and Julia Niebling and Stefan Rockt{\"{a}}schel},
  title     = {Solving Multiobjective Mixed Integer Convex Optimization Problems},
  journal   = {{SIAM} J. Optim.},
  volume    = {30},
  number    = {4},
  pages     = {3122--3145},
  year      = {2020},
  url       = {https://doi.org/10.1137/19M1264709},
  doi       = {10.1137/19M1264709},
  timestamp = {Fri, 09 Apr 2021 18:20:43 +0200},
  biburl    = {https://dblp.org/rec/journals/siamjo/SantisENR20.bib},
  bibsource = {dblp computer science bibliography, https://dblp.org}
}

@article{DBLP:journals/ol/LuMS20,
  author    = {Kuan Lu and Shinji Mizuno and Jianming Shi},
  title     = {A new mixed integer programming approach for optimization over the efficient set of a multiobjective linear programming problem},
  journal   = {Optim. Lett.},
  volume    = {14},
  number    = {8},
  pages     = {2323--2333},
  year      = {2020},
  url       = {https://doi.org/10.1007/s11590-020-01554-7},
  doi       = {10.1007/s11590-020-01554-7},
  timestamp = {Thu, 14 Oct 2021 08:50:31 +0200},
  biburl    = {https://dblp.org/rec/journals/ol/LuMS20.bib},
  bibsource = {dblp computer science bibliography, https://dblp.org}
}

@article{DBLP:journals/ors/EhrgottG00,
  author    = {Matthias Ehrgott and Xavier Gandibleux},
  title     = {A survey and annotated bibliography of multiobjective combinatorial optimization},
  journal   = {{OR} Spectr.},
  volume    = {22},
  number    = {4},
  pages     = {425--460},
  year      = {2000},
  url       = {https://doi.org/10.1007/s002910000046},
  doi       = {10.1007/s002910000046},
  timestamp = {Fri, 06 Mar 2020 22:00:40 +0100},
  biburl    = {https://dblp.org/rec/journals/ors/EhrgottG00.bib},
  bibsource = {dblp computer science bibliography, https://dblp.org}
}

@article{DBLP:journals/amai/Marques-SilvaAGL11,
  author    = {Jo{\~{a}}o Marques{-}Silva and Josep Argelich and Ana Gra{\c{c}}a and In{\^{e}}s Lynce},
  title     = {Boolean lexicographic optimization: algorithms {\&} applications},
  journal   = {Ann. Math. Artif. Intell.},
  volume    = {62},
  number    = {3--4},
  pages     = {317--343},
  year      = {2011},
  url       = {https://doi.org/10.1007/s10472-011-9233-2},
  doi       = {10.1007/s10472-011-9233-2},
  timestamp = {Mon, 24 Feb 2020 19:23:24 +0100},
  biburl    = {https://dblp.org/rec/journals/amai/Marques-SilvaAGL11.bib},
  bibsource = {dblp computer science bibliography, https://dblp.org}
}

@inproceedings{DBLP:conf/ijcai/ArgelichLS09,
  author    = {Josep Argelich and In{\^{e}}s Lynce and Jo{\~{a}}o P. Marques Silva},
  editor    = {Craig Boutilier},
  title     = {On Solving Boolean Multilevel Optimization Problems},
  booktitle = {{IJCAI} 2009, Proceedings of the 21st International Joint Conference on Artificial Intelligence, Pasadena, California, {USA}, July 11--17, 2009},
  pages     = {393--398},
  year      = {2009},
  url       = {http://ijcai.org/Proceedings/09/Papers/073.pdf},
  timestamp = {Tue, 20 Aug 2019 16:18:13 +0200},
  biburl    = {https://dblp.org/rec/conf/ijcai/ArgelichLS09.bib},
  bibsource = {dblp computer science bibliography, https://dblp.org}
}

@article{DBLP:journals/jsat/BerreP10,
  author    = {Daniel Le Berre and Anne Parrain},
  title     = {The {Sat4j} library, release 2.2},
  journal   = {J. Satisf. Boolean Model. Comput.},
  volume    = {7},
  number    = {2--3},
  pages     = {59--6},
  year      = {2010},
  url       = {https://doi.org/10.3233/sat190075},
  doi       = {10.3233/sat190075},
  timestamp = {Mon, 17 Aug 2020 18:32:39 +0200},
  biburl    = {https://dblp.org/rec/journals/jsat/BerreP10.bib},
  bibsource = {dblp computer science bibliography, https://dblp.org}
}

@article{DBLP:journals/jsat/EenS06,
  author    = {Niklas E{\'{e}}n and Niklas S{\"{o}}rensson},
  title     = {Translating Pseudo-Boolean Constraints into {SAT}},
  journal   = {J. Satisf. Boolean Model. Comput.},
  volume    = {2},
  number    = {1--4},
  pages     = {1--26},
  year      = {2006},
  url       = {https://doi.org/10.3233/sat190014},
  doi       = {10.3233/sat190014},
  timestamp = {Mon, 17 Aug 2020 18:32:39 +0200},
  biburl    = {https://dblp.org/rec/journals/jsat/EenS06.bib},
  bibsource = {dblp computer science bibliography, https://dblp.org}
}

@inproceedings{DBLP:conf/cp/JanotaMSM21,
  author    = {Mikol{\'{a}}s Janota and Ant{\'{o}}nio Morgado and Jos{\'{e}} Fragoso Santos and Vasco M. Manquinho},
  editor    = {Laurent D. Michel},
  title     = {The Seesaw Algorithm: Function Optimization Using Implicit Hitting Sets},
  booktitle = {27th International Conference on Principles and Practice of Constraint Programming, {CP} 2021, Montpellier, France (Virtual Conference), October 25--29, 2021},
  series    = {LIPIcs},
  volume    = {210},
  pages     = {31:1--31:16},
  publisher = {Schloss Dagstuhl - Leibniz-Zentrum f{\"{u}}r Informatik},
  year      = {2021},
  url       = {https://doi.org/10.4230/LIPIcs.CP.2021.31},
  doi       = {10.4230/LIPIcs.CP.2021.31},
  timestamp = {Wed, 03 Nov 2021 08:28:40 +0100},
  biburl    = {https://dblp.org/rec/conf/cp/JanotaMSM21.bib},
  bibsource = {dblp computer science bibliography, https://dblp.org}
}

@article{survey,
  author    = {Marler, R. and Arora, Jasbir},
  doi       = {10.1007/s00158-003-0368-6},
  journal   = {Structural and Multidisciplinary Optimization},
  month     = {04},
  pages     = {369-395},
  title     = {Survey of Multi-Objective Optimization Methods for Engineering},
  volume    = {26},
  year      = {2004}
}

@inproceedings{DBLP:conf/aaai/HartertS14,
  author    = {Renaud Hartert and Pierre Schaus},
  editor    = {Carla E. Brodley and Peter Stone},
  title     = {A Support-Based Algorithm for the Bi-Objective Pareto Constraint},
  booktitle = {Proceedings of the Twenty-Eighth {AAAI} Conference on Artificial Intelligence, July 27 -31, 2014, Qu{\'{e}}bec City, Qu{\'{e}}bec, Canada},
  pages     = {2674--2679},
  publisher = {{AAAI} Press},
  year      = {2014},
  url       = {http://www.aaai.org/ocs/index.php/AAAI/AAAI14/paper/view/8337},
  timestamp = {Thu, 18 Feb 2021 14:57:22 +0100},
  biburl    = {https://dblp.org/rec/conf/aaai/HartertS14.bib},
  bibsource = {dblp computer science bibliography, https://dblp.org}
}

@inproceedings{DBLP:conf/ftp/KoshimuraNFH09,
  author    = {Miyuki Koshimura and Hidetomo Nabeshima and Hiroshi Fujita and Ryuzo Hasegawa},
  editor    = {Nicolas Peltier and Viorica Sofronie{-}Stokkermans},
  title     = {Minimal Model Generation with Respect to an Atom Set},
  booktitle = {Proceedings of the 7th International Workshop on First-Order Theorem Proving, {FTP} 2009, Oslo, Norway, July 6--7, 2009},
  series    = {{CEUR} Workshop Proceedings},
  volume    = {556},
  publisher = {CEUR-WS.org},
  year      = {2009},
  url       = {http://ceur-ws.org/Vol-556/paper06.pdf},
  timestamp = {Thu, 18 Nov 2021 14:58:44 +0100},
  biburl    = {https://dblp.org/rec/conf/ftp/KoshimuraNFH09.bib},
  bibsource = {dblp computer science bibliography, https://dblp.org}
}

@inproceedings{DBLP:conf/cp/DaviesB13,
  author    = {Jessica Davies and Fahiem Bacchus},
  editor    = {Christian Schulte},
  title     = {Postponing Optimization to Speed Up {MAXSAT} Solving},
  booktitle = {Principles and Practice of Constraint Programming --- 19th International Conference, {CP} 2013, Uppsala, Sweden, September 16--20, 2013. Proceedings},
  series    = {Lecture Notes in Computer Science},
  volume    = {8124},
  pages     = {247--262},
  publisher = {Springer},
  year      = {2013},
  url       = {https://doi.org/10.1007/978-3-642-40627-0_21},
  doi       = {10.1007/978-3-642-40627-0_21},
  timestamp = {Tue, 14 May 2019 10:00:45 +0200},
  biburl    = {https://dblp.org/rec/conf/cp/DaviesB13.bib},
  bibsource = {dblp computer science bibliography, https://dblp.org}
}

@inproceedings{DBLP:conf/iclp/AndresKMS12,
  author    = {Benjamin Andres and Benjamin Kaufmann and Oliver Matheis and Torsten Schaub},
  editor    = {Agostino Dovier and V{\'{\i}}tor Santos Costa},
  title     = {Unsatisfiability-based optimization in clasp},
  booktitle = {Technical Communications of the 28th International Conference on Logic Programming, {ICLP} 2012, September 4--8, 2012, Budapest, Hungary},
  series    = {{LIPIcs}},
  volume    = {17},
  pages     = {211--221},
  publisher = {Schloss Dagstuhl - Leibniz-Zentrum f{\"{u}}r Informatik},
  year      = {2012},
  url       = {https://doi.org/10.4230/LIPIcs.ICLP.2012.211},
  doi       = {10.4230/LIPIcs.ICLP.2012.211},
  timestamp = {Tue, 11 Feb 2020 15:52:14 +0100},
  biburl    = {https://dblp.org/rec/conf/iclp/AndresKMS12.bib},
  bibsource = {dblp computer science bibliography, https://dblp.org}
}

@inproceedings{BiereFazekasFleuryHeisinger-SAT-Competition-2020-solvers,
  author    = {Armin Biere and Katalin Fazekas and Mathias Fleury and Maximillian Heisinger},
  booktitle = {Proceedings of {SAT Competition} 2020 --- Solver and Benchmark Descriptions},
  editor    = {Tomas Balyo and Nils Froleyks and Marijn Heule and Markus Iser and Matti J{\"a}rvisalo and Martin Suda},
  pages     = {51--53},
  publisher = {University of Helsinki},
  series    = {Department of Computer Science Report Series {B}},
  title     = {{CaDiCaL}, {Kissat}, {Paracooba}, {Plingeling} and {Treengeling} Entering the {SAT Competition 2020}},
  volume    = {B-2020-1},
  year      = 2020
}

@inproceedings{DBLP:conf/sat/AnsoteguiBL09,
  author    = {Carlos Ans{\'{o}}tegui and Maria Luisa Bonet and Jordi Levy},
  editor    = {Oliver Kullmann},
  title     = {Solving (Weighted) Partial {MaxSAT} through Satisfiability Testing},
  booktitle = {Theory and Applications of Satisfiability Testing --- {SAT} 2009, 12th International Conference, {SAT} 2009, Swansea, {UK}, June 30 -- July 3, 2009. Proceedings},
  series    = {Lecture Notes in Computer Science},
  volume    = {5584},
  pages     = {427--440},
  publisher = {Springer},
  year      = {2009},
  url       = {https://doi.org/10.1007/978-3-642-02777-2_39},
  doi       = {10.1007/978-3-642-02777-2_39},
  timestamp = {Sun, 02 Jun 2019 21:24:00 +0200},
  biburl    = {https://dblp.org/rec/conf/sat/AnsoteguiBL09.bib},
  bibsource = {dblp computer science bibliography, https://dblp.org}
}

@article{DBLP:journals/corr/abs-0712-1097,
  author    = {Jo{\~{a}}o Marques{-}Silva and Jordi Planes},
  title     = {On Using Unsatisfiability for Solving Maximum Satisfiability},
  journal   = {{CoRR}},
  volume    = {abs/0712.1097},
  year      = {2007},
  url       = {http://arxiv.org/abs/0712.1097},
  eprinttype = {arXiv},
  eprint    = {0712.1097},
  timestamp = {Mon, 24 Feb 2020 19:23:25 +0100},
  biburl    = {https://dblp.org/rec/journals/corr/abs-0712-1097.bib},
  bibsource = {dblp computer science bibliography, https://dblp.org}
}

@inproceedings{DBLP:conf/cp/MartinsJML14,
  author    = {Ruben Martins and Saurabh Joshi and Vasco M. Manquinho and In{\^{e}}s Lynce},
  editor    = {Barry O'Sullivan},
  title     = {Incremental Cardinality Constraints for {MaxSAT}},
  booktitle = {Principles and Practice of Constraint Programming --- 20th International Conference, {CP} 2014, Lyon, France, September 8--12, 2014. Proceedings},
  series    = {Lecture Notes in Computer Science},
  volume    = {8656},
  pages     = {531--548},
  publisher = {Springer},
  year      = {2014},
  url       = {https://doi.org/10.1007/978-3-319-10428-7_39},
  doi       = {10.1007/978-3-319-10428-7_39},
  timestamp = {Tue, 14 May 2019 10:00:45 +0200},
  biburl    = {https://dblp.org/rec/conf/cp/MartinsJML14.bib},
  bibsource = {dblp computer science bibliography, https://dblp.org}
}

@incollection{handbook2-cdcl,
  author    = {Joao Marques-Silva and Ines Lynce and Sharad Malik},
  booktitle = {Handbook of Satisfiability},
  chapter   = {4},
  doi       = {10.3233/FAIA200987},
  opteditor = {Armin Biere and Marijn Heule and Hans van Maaren and Toby Walsh},
  pages     = {133 - 182},
  publisher = {{IOS} Press},
  series    = {{FAIA}},
  title     = {Conflict-Driven Clause Learning SAT Solvers},
  url       = {https://doi.org/10.3233/FAIA200987},
  volume    = {336},
  year      = {2021}
}

@incollection{handbook2-maxsat,
  author    = {Fahiem Bacchus and Matti J\"arvisalo and Ruben Martins},
  booktitle = {Handbook of Satisfiability},
  chapter   = {24},
  doi       = {10.3233/FAIA201008},
  opteditor = {Armin Biere and Marijn Heule and Hans van Maaren and Toby Walsh},
  pages     = {929--991},
  publisher = {{IOS} Press},
  series    = {{FAIA}},
  title     = {Maximum Satisfiability},
  url       = {https://doi.org/10.3233/FAIA201008},
  volume    = {336},
  year      = {2021}
}

@article{DBLP:journals/entcs/EenS03,
  author    = {Niklas E{\'{e}}n and Niklas S{\"{o}}rensson},
  title     = {Temporal induction by incremental {SAT} solving},
  journal   = {Electron. Notes Theor. Comput. Sci.},
  volume    = {89},
  number    = {4},
  pages     = {543--560},
  year      = {2003},
  url       = {https://doi.org/10.1016/S1571-0661(05)82542-3},
  doi       = {10.1016/S1571-0661(05)82542-3},
  timestamp = {Fri, 12 Feb 2021 22:19:32 +0100},
  biburl    = {https://dblp.org/rec/journals/entcs/EenS03.bib},
  bibsource = {dblp computer science bibliography, https://dblp.org}
}

@inproceedings{DBLP:conf/cp/BailleuxB03,
  author    = {Olivier Bailleux and Yacine Boufkhad},
  editor    = {Francesca Rossi},
  title     = {Efficient {CNF} Encoding of Boolean Cardinality Constraints},
  booktitle = {Principles and Practice of Constraint Programming --- {CP} 2003, 9th International Conference, {CP} 2003, Kinsale, Ireland, September 29 -- October 3, 2003, Proceedings},
  series    = {Lecture Notes in Computer Science},
  volume    = {2833},
  pages     = {108--122},
  publisher = {Springer},
  year      = {2003},
  url       = {https://doi.org/10.1007/978-3-540-45193-8_8},
  doi       = {10.1007/978-3-540-45193-8_8},
  timestamp = {Tue, 14 May 2019 10:00:45 +0200},
  biburl    = {https://dblp.org/rec/conf/cp/BailleuxB03.bib},
  bibsource = {dblp computer science bibliography, https://dblp.org}
}

@inproceedings{DBLP:conf/cp/MorgadoDM14,
  author    = {Ant{\'{o}}nio Morgado and Carmine Dodaro and Jo{\~{a}}o Marques{-}Silva},
  editor    = {Barry O'Sullivan},
  title     = {Core-Guided {MaxSAT} with Soft Cardinality Constraints},
  booktitle = {Principles and Practice of Constraint Programming --- 20th International Conference, {CP} 2014, Lyon, France, September 8--12, 2014. Proceedings},
  series    = {Lecture Notes in Computer Science},
  volume    = {8656},
  pages     = {564--573},
  publisher = {Springer},
  year      = {2014},
  url       = {https://doi.org/10.1007/978-3-319-10428-7_41},
  doi       = {10.1007/978-3-319-10428-7_41},
  timestamp = {Mon, 24 Feb 2020 19:23:28 +0100},
  biburl    = {https://dblp.org/rec/conf/cp/MorgadoDM14.bib},
  bibsource = {dblp computer science bibliography, https://dblp.org}
}

@article{DBLP:journals/jsat/IgnatievMM19,
  author    = {Alexey Ignatiev and Ant{\'{o}}nio Morgado and Jo{\~{a}}o Marques{-}Silva},
  title     = {{RC2:} an Efficient {MaxSAT} Solver},
  journal   = {J. Satisf. Boolean Model. Comput.},
  volume    = {11},
  number    = {1},
  pages     = {53--64},
  year      = {2019},
  url       = {https://doi.org/10.3233/SAT190116},
  doi       = {10.3233/SAT190116},
  timestamp = {Wed, 26 Feb 2020 10:37:04 +0100},
  biburl    = {https://dblp.org/rec/journals/jsat/IgnatievMM19.bib},
  bibsource = {dblp computer science bibliography, https://dblp.org}
}

@inproceedings{DBLP:conf/cp/MaliotovM18,
  author    = {Dmitry Malioutov and Kuldeep S. Meel},
  editor    = {John N. Hooker},
  title     = {{MLIC:} {A} {MaxSAT}-Based Framework for Learning Interpretable Classification Rules},
  booktitle = {Principles and Practice of Constraint Programming --- 24th International Conference, {CP} 2018, Lille, France, August 27--31, 2018, Proceedings},
  series    = {Lecture Notes in Computer Science},
  volume    = {11008},
  pages     = {312--327},
  publisher = {Springer},
  year      = {2018},
  url       = {https://doi.org/10.1007/978-3-319-98334-9_21},
  doi       = {10.1007/978-3-319-98334-9_21},
  timestamp = {Tue, 14 May 2019 10:00:45 +0200},
  biburl    = {https://dblp.org/rec/conf/cp/MaliotovM18.bib},
  bibsource = {dblp computer science bibliography, https://dblp.org}
}

@inproceedings{DBLP:conf/ijcai/NarodytskaIPM18,
  author    = {Nina Narodytska and Alexey Ignatiev and Filipe Pereira and Jo{\~{a}}o Marques{-}Silva},
  editor    = {J{\'{e}}r{\^{o}}me Lang},
  title     = {Learning Optimal Decision Trees with {SAT}},
  booktitle = {Proceedings of the Twenty-Seventh International Joint Conference on Artificial Intelligence, {IJCAI} 2018, July 13--19, 2018, Stockholm, Sweden},
  pages     = {1362--1368},
  publisher = {ijcai.org},
  year      = {2018},
  url       = {https://doi.org/10.24963/ijcai.2018/189},
  doi       = {10.24963/ijcai.2018/189},
  timestamp = {Mon, 24 Feb 2020 19:23:28 +0100},
  biburl    = {https://dblp.org/rec/conf/ijcai/NarodytskaIPM18.bib},
  bibsource = {dblp computer science bibliography, https://dblp.org}
}

@inproceedings{DBLP:conf/ijcai/Hu0HH20,
  author    = {Hao Hu and Mohamed Siala and Emmanuel Hebrard and Marie{-}Jos{\'{e}} Huguet},
  editor    = {Christian Bessiere},
  title     = {Learning Optimal Decision Trees with {MaxSAT} and its Integration in {AdaBoost}},
  booktitle = {Proceedings of the Twenty-Ninth International Joint Conference on Artificial Intelligence, {IJCAI} 2020},
  pages     = {1170--1176},
  publisher = {ijcai.org},
  year      = {2020},
  url       = {https://doi.org/10.24963/ijcai.2020/163},
  doi       = {10.24963/ijcai.2020/163},
  timestamp = {Mon, 20 Jul 2020 12:38:52 +0200},
  biburl    = {https://dblp.org/rec/conf/ijcai/Hu0HH20.bib},
  bibsource = {dblp computer science bibliography, https://dblp.org}
}

@article{DBLP:journals/tsmc/JinS08,
  author    = {Yaochu Jin and Bernhard Sendhoff},
  title     = {Pareto-Based Multiobjective Machine Learning: An Overview and Case Studies},
  journal   = {{IEEE} Trans. Syst. Man Cybern. Part {C}},
  volume    = {38},
  number    = {3},
  pages     = {397--415},
  year      = {2008},
  url       = {https://doi.org/10.1109/TSMCC.2008.919172},
  doi       = {10.1109/TSMCC.2008.919172},
  timestamp = {Thu, 21 May 2020 19:33:14 +0200},
  biburl    = {https://dblp.org/rec/journals/tsmc/JinS08.bib},
  bibsource = {dblp computer science bibliography, https://dblp.org}
}

@inproceedings{DBLP:conf/ijcai/Terra-NevesLM18a,
  author    = {Miguel Terra{-}Neves and In{\^{e}}s Lynce and Vasco M. Manquinho},
  editor    = {J{\'{e}}r{\^{o}}me Lang},
  title     = {Multi-Objective Optimization Through Pareto Minimal Correction Subsets},
  booktitle = {Proceedings of the Twenty-Seventh International Joint Conference on Artificial Intelligence, {IJCAI} 2018, July 13--19, 2018, Stockholm, Sweden},
  pages     = {5379--5383},
  publisher = {ijcai.org},
  year      = {2018},
  url       = {https://doi.org/10.24963/ijcai.2018/757},
  doi       = {10.24963/ijcai.2018/757},
  timestamp = {Mon, 15 Jun 2020 17:11:33 +0200},
  biburl    = {https://dblp.org/rec/conf/ijcai/Terra-NevesLM18a.bib},
  bibsource = {dblp computer science bibliography, https://dblp.org}
}

@inproceedings{DBLP:conf/aaai/Terra-NevesLM18,
  author    = {Miguel Terra{-}Neves and In{\^{e}}s Lynce and Vasco M. Manquinho},
  editor    = {Sheila A. McIlraith and Kilian Q. Weinberger},
  title     = {Enhancing Constraint-Based Multi-Objective Combinatorial Optimization},
  booktitle = {Proceedings of the Thirty-Second {AAAI} Conference on Artificial Intelligence, ({AAAI-18}), the 30th innovative Applications of Artificial Intelligence ({IAAI-18}), and the 8th {AAAI} Symposium on Educational Advances in Artificial Intelligence ({EAAI-18}), New Orleans, Louisiana, {USA}, February 2--7, 2018},
  pages     = {6649--6656},
  publisher = {{AAAI} Press},
  year      = {2018},
  url       = {https://www.aaai.org/ocs/index.php/AAAI/AAAI18/paper/view/17227},
  timestamp = {Thu, 18 Feb 2021 14:22:23 +0100},
  biburl    = {https://dblp.org/rec/conf/aaai/Terra-NevesLM18.bib},
  bibsource = {dblp computer science bibliography, https://dblp.org}
}

@inproceedings{DBLP:conf/ijcai/Terra-NevesLM18,
  author    = {Miguel Terra{-}Neves and In{\^{e}}s Lynce and Vasco M. Manquinho},
  editor    = {J{\'{e}}r{\^{o}}me Lang},
  title     = {Stratification for Constraint-Based Multi-Objective Combinatorial Optimization},
  booktitle = {Proceedings of the Twenty-Seventh International Joint Conference on Artificial Intelligence, {IJCAI} 2018, July 13--19, 2018, Stockholm, Sweden},
  pages     = {1376--1382},
  publisher = {ijcai.org},
  year      = {2018},
  url       = {https://doi.org/10.24963/ijcai.2018/191},
  doi       = {10.24963/ijcai.2018/191},
  timestamp = {Mon, 15 Jun 2020 17:11:33 +0200},
  biburl    = {https://dblp.org/rec/conf/ijcai/Terra-NevesLM18.bib},
  bibsource = {dblp computer science bibliography, https://dblp.org}
}

@inproceedings{DBLP:conf/ijcai/Ignatiev0NS21,
  author    = {Alexey Ignatiev and Jo{\~{a}}o Marques{-}Silva and Nina Narodytska and Peter J. Stuckey},
  editor    = {Zhi{-}Hua Zhou},
  title     = {Reasoning-Based Learning of Interpretable {ML} Models},
  booktitle = {Proceedings of the Thirtieth International Joint Conference on Artificial Intelligence, {IJCAI} 2021, Virtual Event / Montreal, Canada, 19--27 August 2021},
  pages     = {4458--4465},
  publisher = {ijcai.org},
  year      = {2021},
  url       = {https://doi.org/10.24963/ijcai.2021/608},
  doi       = {10.24963/ijcai.2021/608},
  timestamp = {Wed, 25 Aug 2021 17:11:16 +0200},
  biburl    = {https://dblp.org/rec/conf/ijcai/Ignatiev0NS21.bib},
  bibsource = {dblp computer science bibliography, https://dblp.org}
}

@inproceedings{DBLP:conf/cp/YuISB20,
  author    = {Jinqiang Yu and Alexey Ignatiev and Peter J. Stuckey and Pierre Le Bodic},
  editor    = {Helmut Simonis},
  title     = {Computing Optimal Decision Sets with {SAT}},
  booktitle = {Principles and Practice of Constraint Programming --- 26th International Conference, {CP} 2020, Louvain-la-Neuve, Belgium, September 7--11, 2020, Proceedings},
  series    = {Lecture Notes in Computer Science},
  volume    = {12333},
  pages     = {952--970},
  publisher = {Springer},
  year      = {2020},
  url       = {https://doi.org/10.1007/978-3-030-58475-7_55},
  doi       = {10.1007/978-3-030-58475-7_55},
  timestamp = {Tue, 08 Sep 2020 19:28:09 +0200},
  biburl    = {https://dblp.org/rec/conf/cp/YuISB20.bib},
  bibsource = {dblp computer science bibliography, https://dblp.org}
}

@misc{UciMlr,
	author    = {Dua, Dheeru and Graff, Casey},
	institution = {University of California, Irvine, School of Information and Computer Sciences},
	title     = {{UCI} Machine Learning Repository},
	url       = {http://archive.ics.uci.edu/ml},
	year      = {2021}
}

@inproceedings{DBLP:conf/cade/IgnatievPNM18,
  author    = {Alexey Ignatiev and Filipe Pereira and Nina Narodytska and Jo{\~{a}}o Marques{-}Silva},
  editor    = {Didier Galmiche and Stephan Schulz and Roberto Sebastiani},
  title     = {A SAT-Based Approach to Learn Explainable Decision Sets},
  booktitle = {Automated Reasoning --- 9th International Joint Conference, {IJCAR} 2018, Held as Part of the Federated Logic Conference, {FloC} 2018, Oxford, {UK}, July 14--17, 2018, Proceedings},
  series    = {Lecture Notes in Computer Science},
  volume    = {10900},
  pages     = {627--645},
  publisher = {Springer},
  year      = {2018},
  url       = {https://doi.org/10.1007/978-3-319-94205-6_41},
  doi       = {10.1007/978-3-319-94205-6_41},
  timestamp = {Mon, 24 Feb 2020 19:23:27 +0100},
  biburl    = {https://dblp.org/rec/conf/cade/IgnatievPNM18.bib},
  bibsource = {dblp computer science bibliography, https://dblp.org}
}

@article{DBLP:journals/corr/abs-2010-09919,
  author    = {Jinqiang Yu and Alexey Ignatiev and Pierre Le Bodic and Peter J. Stuckey},
  title     = {Optimal Decision Lists using {SAT}},
  journal   = {{CoRR}},
  volume    = {abs/2010.09919},
  year      = {2020},
  url       = {https://arxiv.org/abs/2010.09919},
  eprinttype = {arXiv},
  eprint    = {2010.09919},
  timestamp = {Mon, 26 Oct 2020 15:39:44 +0100},
  biburl    = {https://dblp.org/rec/journals/corr/abs-2010-09919.bib},
  bibsource = {dblp computer science bibliography, https://dblp.org}
}

@book{molnar2022,
  author    = {Christoph Molnar},
  edition   = {2},
  subtitle  = {A Guide for Making Black Box Models Explainable},
  title     = {Interpretable Machine Learning},
  url       = {christophm.github.io/interpretable-ml-book/},
  year      = {2022}
}

@inproceedings{DBLP:conf/cp/SohBTB17,
  author    = {Takehide Soh and Mutsunori Banbara and Naoyuki Tamura and Daniel Le Berre},
  editor    = {J. Christopher Beck},
  title     = {Solving Multiobjective Discrete Optimization Problems with Propositional Minimal Model Generation},
  booktitle = {Principles and Practice of Constraint Programming --- 23rd International Conference, {CP} 2017, Melbourne, {VIC}, Australia, August 28 -- September 1, 2017, Proceedings},
  series    = {Lecture Notes in Computer Science},
  volume    = {10416},
  pages     = {596--614},
  publisher = {Springer},
  year      = {2017},
  url       = {https://doi.org/10.1007/978-3-319-66158-2_38},
  doi       = {10.1007/978-3-319-66158-2_38},
  timestamp = {Tue, 14 May 2019 10:00:45 +0200},
  biburl    = {https://dblp.org/rec/conf/cp/SohBTB17.bib},
  bibsource = {dblp computer science bibliography, https://dblp.org}
}

@inproceedings{DBLP:conf/sat/MartinsML14,
  author    = {Ruben Martins and Vasco M. Manquinho and In{\^{e}}s Lynce},
  editor    = {Carsten Sinz and Uwe Egly},
  title     = {{Open-WBO}: {A} Modular MaxSAT Solver},
  booktitle = {Theory and Applications of Satisfiability Testing --- {SAT} 2014 --- 17th International Conference, Held as Part of the Vienna Summer of Logic, {VSL} 2014, Vienna, Austria, July 14--17, 2014. Proceedings},
  series    = {Lecture Notes in Computer Science},
  volume    = {8561},
  pages     = {438--445},
  publisher = {Springer},
  year      = {2014},
  url       = {https://doi.org/10.1007/978-3-319-09284-3_33},
  doi       = {10.1007/978-3-319-09284-3_33},
  timestamp = {Tue, 14 May 2019 10:00:41 +0200},
  biburl    = {https://dblp.org/rec/conf/sat/MartinsML14.bib},
  bibsource = {dblp computer science bibliography, https://dblp.org}
}

@book{DBLP:books/daglib/0022057,
  author    = {Matthias Ehrgott},
  title     = {Multicriteria Optimization {(2.} ed.)},
  publisher = {Springer},
  year      = {2005},
  url       = {https://doi.org/10.1007/3-540-27659-9},
  doi       = {10.1007/3-540-27659-9},
  isbn      = {978-3-540-21398-7},
  timestamp = {Tue, 16 May 2017 14:01:41 +0200},
  biburl    = {https://dblp.org/rec/books/daglib/0022057.bib},
  bibsource = {dblp computer science bibliography, https://dblp.org}
}

@inproceedings{DBLP:conf/stoc/Cook71,
  author    = {Stephen A. Cook},
  editor    = {Michael A. Harrison and
               Ranan B. Banerji and
               Jeffrey D. Ullman},
  title     = {The Complexity of Theorem-Proving Procedures},
  booktitle = {Proceedings of the 3rd Annual {ACM} Symposium on Theory of Computing,
               May 3--5, 1971, Shaker Heights, Ohio, {USA}},
  pages     = {151--158},
  publisher = {{ACM}},
  year      = {1971},
  url       = {https://doi.org/10.1145/800157.805047},
  doi       = {10.1145/800157.805047},
  timestamp = {Mon, 26 Nov 2018 15:05:57 +0100},
  biburl    = {https://dblp.org/rec/conf/stoc/Cook71.bib},
  bibsource = {dblp computer science bibliography, https://dblp.org}
}

@Article{Saini2021,
  author    = {Naveen Saini and Sriparna Saha},
  journal   = {The European Physical Journal Special Topics},
  title     = {Multi-objective optimization techniques: a survey of the state-of-the-art and applications},
  year      = {2021},
  month     = {sep},
  number    = {10},
  pages     = {2319--2335},
  volume    = {230},
  doi       = {10.1140/epjs/s11734-021-00206-w},
  publisher = {Springer Science and Business Media {LLC}},
}

@InCollection{Keller2017-3,
  author    = {Keller, Andr{\'{e}} A.},
  booktitle = {Multi-objective optimization in theory and practice},
  publisher = {Bentham eBooks},
  title     = {Pareto Optimality},
  year      = {2017},
  address   = {Sharjah, United Arab Emirates},
  chapter   = {3},
  isbn      = {9781681085692},
  pages     = {46--66},
}

@InCollection{Keller2017-1,
  author    = {Keller, Andr{\'{e}} A.},
  booktitle = {Multi-objective optimization in theory and practice},
  publisher = {Bentham eBooks},
  title     = {Design of Multi-Objective Optimization Problems},
  year      = {2017},
  address   = {Sharjah, United Arab Emirates},
  chapter   = {1},
  isbn      = {9781681085692},
  pages     = {1--16},
}

@Comment{jabref-meta: databaseType:bibtex;}
